@article{greenwade1993,
	author = "George D. Greenwade",
	title = "The {C}omprehensive {T}ex {A}rchive {N}etwork ({CTAN})",
	year = "1993",
	journal = "TUGBoat",
	volume = "14",
	number = "3",
	pages = "342--351"
}

@book{goossens1994,
	author = "Michel Goossens and Frank Mittelbach and Alexander Samarin",
	title = "The {LaTeX} Companion",
	year = "1994",
	publisher = "Addison-Wesley",
	address = "Reading, Massachusetts"
}