@article{greenwade1993,
	author = "George D. Greenwade",
	title = "The {C}omprehensive {T}ex {A}rchive {N}etwork ({CTAN})",
	year = "1993",
	journal = "TUGBoat",
	volume = "14",
	number = "3",
	pages = "342--351"
}

@book{goossens1994,
	author = "Michel Goossens and Frank Mittelbach and Alexander Samarin",
	title = "The {LaTeX} Companion",
	year = "1994",
	publisher = "Addison-Wesley",
	address = "Reading, Massachusetts"
}

@article{donaukurier2022,
	title = "Roboter auf dem Feld",
	journal = "Donaukurier",
	year = "2022",
	url="https://www.donaukurier.de/archiv/roboter-auf-dem-feld-6203116",
	urldate="2023-03-28"
}

@article{induuxwiki2022,
	author = "Induux Team",
	title = "Kapazitive Feuchtemessung",
	journal = "Induux Wiki",
	year = "2022",
	url="https://wiki.induux.de/Kapazitive_Feuchtemessung",
	urldate="2023-03-30"
}

@article{liu2018self,
  title={Self-watering system for arid area: a method to combat desertification},
  author={Liu, Qiang and Yasufuku, Noriyuki and Omine, Kiyoshi},
  journal={Soils and foundations},
  volume={58},
  number={4},
  pages={838--852},
  year={2018},
  publisher={Elsevier}
}

@article{shenk2001application,
  title={Application of NIR spectroscopy to agricultural products},
  author={Shenk, John S and Workman, Jerme J and Westerhaus, Mark O},
  journal={Practical Spectroscopy Series},
  volume={27},
  pages={419--474},
  year={2001}
}

@article{cen2007theory,
  title={Theory and application of near infrared reflectance spectroscopy in determination of food quality},
  author={Cen, Haiyan and He, Yong},
  journal={Trends in Food Science \& Technology},
  volume={18},
  number={2},
  pages={72--83},
  year={2007},
  publisher={Elsevier}
}

@book{schuster2004infrarotthermographie,
  title={Infrarotthermographie},
  author={Schuster, Norbert and Kolobrodov, Valentin G},
  year={2004},
  publisher={John Wiley \& Sons}
}

@article{bernhard2014thermoelemente,
  title={Thermoelemente},
  author={Bernhard, Frank},
  journal={Handbuch der Technischen Temperaturmessung},
  pages={831--1047},
  year={2014},
  publisher={Springer}
}
@inproceedings{mci/Mohr2020,
author = {Mohr, Svenja AND Kühl, Rainer},
title = {Künstliche Intelligenz in der Landwirtschaft},
booktitle = {40. GIL-Jahrestagung, Digitalisierung für Mensch, Umwelt und Tier},
year = {2020},
editor = {Gandorfer, Markus AND Meyer-Aurich, Andreas AND Bernhardt, Heinz AND Maidl, Franz Xaver AND Fröhlich, Georg AND Floto, Helga} ,
pages = { 193-198 },
publisher = {Gesellschaft für Informatik e.V.},
address = {Bonn}
}
@article{wennker2020kunstliche,
  title={K{\"u}nstliche Intelligenz in der Landwirtschaft},
  author={Wennker, Phil and Wennker, Phil},
  journal={K{\"u}nstliche Intelligenz in der Praxis: Anwendung in Unternehmen und Branchen: KI wettbewerbs-und zukunftsorientiert einsetzen},
  pages={141--149},
  year={2020},
  publisher={Springer}
}
@article{hering2018temperaturmesstechnik,
  title={Temperaturmesstechnik},
  author={Hering, Ekbert and Sch{\"o}nfelder, Gert},
  journal={Sensoren in Wissenschaft und Technik: Funktionsweise und Einsatzgebiete},
  pages={393--419},
  year={2018},
  publisher={Springer}
}

@article{bvl,
	title = "Genehmigung von Pflanzenschutzmitteln für die Anwendung mit Drohnen in Weinbau-Steillagen",
	journal = "Bundesamt für Verbraucherschutz und Lebensmittelsicherheit",
	year = "2021",
	url="https://www.bvl.bund.de/SharedDocs/Fachmeldungen/04_pflanzenschutzmittel/2021/2021_05_26_Fa_Drohnen.html",
	urldate="2023-06-11"
}
@article{clausing2020baumrinden,
  title={Baumrinden-Monitoring der Pestizid-Belastung {\"u}ber die Luft: Eine toxikologische Bewertung},
  author={Clausing, Peter},
  year={2020},
  publisher={B{\"u}ndnis f{\"u}r eine enkeltaugliche Landwirtschaft}
}
@phdthesis{rainer2003diskurs,
  title={Der Diskurs der {\"U}berbev{\"o}lkerung: zu Metaphorik und Funktion einer in Aussicht gestellten globalen Katastrophe},
  author={Rainer, Bettina},
  year={2003}
}

@article{jungwirth2022arbeitszeitbedarf,
  title={Arbeitszeitbedarf und Arbeitserledigungskosten eines teilautonomen Feldroboters f{\"u}r die Saat und das Hacken von Biozuckerr{\"u}ben},
  author={Jungwirth, Moritz and Handler, Franz},
  journal={Arbeit unter einem DA-CH: Der Landwirt im 4.0-Modus},
  pages={147},
  year={2022}
}
@article{koch2006neues,
  title={Ein neues Verfahren zur Online-Feuchtemessung in Leistungstransformatoren},
  author={Koch, M and Tenbohlen, S},
  journal={ETG Fachtagung „Diagnostik elektrotechnischer Betriebsmittel “, Fachbericht},
  volume={104},
  year={2006}
}
@article{keilholz2019bewasserung,
  title={Bew{\"a}sserung 4.0: ein m{\"o}glicher Ansatz zur weiteren Optimierung der Bew{\"a}sserung},
  author={Keilholz, Patrick and Spinnreker-Czichon, Dominic and Huttner, Philipp and Augstein, Antje and Borsdorff, Dirk and Erdle, Klaus and Ahlers, Siv and Deubel, Annette},
  journal={KW Korrespondenz Wasserwirtschaft,(ISSN: 1865-9926), S},
  pages={510--517},
  year={2019}
}
@article{may2015transiente,
  title={Transiente Methoden der Infrarot-Thermografie zur zerst{\"o}rungsfreien Fehleranalytik in der mikroelektronischen Aufbau-und Verbindungstechnik},
  author={May, M Eng Daniel},
  year={2015}
}
@phdthesis{hoing2020entwicklung,
  title={Entwicklung einer Robotik-L{\"o}sung zur Schneckenbek{\"a}mpfung in der Landwirtschaft},
  author={H{\"o}ing, Christian},
  year={2020}
}
@inproceedings{naik2016precision,
  title={Precision agriculture robot for seeding function},
  author={Naik, Neha S and Shete, Virendra V and Danve, Shruti R},
  booktitle={2016 international conference on inventive computation technologies (ICICT)},
  volume={2},
  pages={1--3},
  year={2016},
  organization={IEEE}
}
@article{spykman2023wirtschaftlichkeitsbewertung,
  title={Wirtschaftlichkeitsbewertung eines Feldroboters auf Basis erster Erfahrungen im Praxiseinsatz},
  author={Spykman, Olivia and Ro{\ss}madl, Andreas and Pfrombeck, Johanna and Kopfinger, Stefan and Busboom, Axel},
  journal={43. GIL-Jahrestagung, Resiliente Agri-Food-Systeme},
  year={2023},
  publisher={Gesellschaft f{\"u}r Informatik eV}
}
@online{farmBotExpress,
    title        = {FarmBot Express},
    author       = {farm.bot},
    year         = 2022,
    url          = {https://cdn.shopify.com/s/files/1/2040/0289/files/DSC00260_2400x.JPG?7677},
    urldate      = {2023-20-06}
}
@online{Tierfutter,
    title        = {FarmBot Express},
    author       = {farm.bot},
    year         = 2022,
    url          = {https://www.agrarheute.com/sites/agrarheute.com/files/2019-08/hetwinfoto-46474946.jpg},
    urldate      = {2023-20-06}
}
@online{Wurst,
    title        = {Säen und Hacken: ein Job für den Roboter},
    author       = {Wurst Alain-Xavier},
    year         = 2020,
    url          = {https://www.ufarevue.ch/var/site/storage/images/9/4/6/3/293649-1-ger-CH/6039497_image_1_27_i1200.jpg},
    urldate      = {2023-20-06}
}
@online{Krone,
    title        = {Krone kooperiert mit Zumhammer},
    author       = {agrarzeitung},
    year         = 2021,
    url          = {https://imagesrv.adition.com/banners/3437/files/00/27/cd/85/000002608517.jpg},
    urldate      = {2023-20-06}
}
@online{IR,
    title        = {Licht und Infrarot-Sensoren},
    author       = {python-exemplarisch},
    url          = {https://www.python-exemplarisch.ch/raspi/rgifs/ls1.png},
    urldate      = {2023-20-06}
}
@online{IRPflanze,
    title        = {Messung der Pflanzentemperatur},
    author       = {redusystems},
    url          = {https://www.redusystems.com/Articles/OR-000-999/image-thumb__645__image-text-brick/Measuring-crop-temperatures%20.jpeg},
    urldate      = {2023-20-06}
}
@online{Futterroboter,
    title        = {Im Check: Kühe mit dem Roboter füttern},
    author       = {Ruhsamer Amelie},
    url          = {https://www.agrarheute.com/sites/agrarheute.com/files/styles/bildergalerie_lg_2x/public/2019-08/hetwinfoto-46474946.webp},
    urldate      = {2023-20-06}
}
@online{Reinigungsroboter,
    title        = {Hygiene im Kuhstall und beim Melken},
    author       = {Mandl Johanna},
    url          = {https://www.fleckvieh.at/wp-content/uploads/2020/09/Spaltenroboter_agrarfoto.com_.jpg},
    urldate      = {2023-20-06}
}
@article{fleckviehaustria,
	title = "Hygiene im Kuhstall und beim Melken",
	journal = "fleckviehaustria",
	year = "2020",
	url="https://www.fleckvieh.at/eutergesundheit-am-melkroboter-richtig-managen-2/",
	urldate="2023-06-19"
}
@article{raff1987did,
  title={Did Henry Ford pay efficiency wages?},
  author={Raff, Daniel MG and Summers, Lawrence H},
  journal={journal of Labor Economics},
  volume={5},
  number={4, Part 2},
  pages={S57--S86},
  year={1987},
  publisher={University of Chicago Press}
}

@online{Drohne,
    title        = {DJI und die Landwirtschaft},
    author       = {DJI},
    url          = {https://dji-official-fe.djicdn.com/dps/92018744568392976eaed6bad09a9f1f.jpg},
    urldate      = {2023-20-06}
}
@online{reh,
    title        = {Wildtiersuche und Rehkitzrettung},
    author       = {skyoptic},
    url          = {https://www.skyoptik.at/wp-content/uploads/2020/06/dji-mavic-2-enterprise-dual-rehkitzrettung-und-wildtiersuche-paket28.jpg},
    urldate      = {2023-20-06}
}